@misc{nhtsa_drowsy,
  title = {Drowsy Driving Research and Program Plan},
  howpublished = {National Highway Traffic Safety Administration (NHTSA)},
  year = {2023},
  note = {Accessed 2025-08},
  url = {https://www.nhtsa.gov/}
}

@inproceedings{soukupova2016,
  author = {Soukupov{\'a}, Tereza and Cech, Jan},
  title = {Real-Time Eye Blink Detection Using Facial Landmarks},
  booktitle = {21st Computer Vision Winter Workshop},
  year = {2016}
}

@inproceedings{kazemi2014,
  author = {Kazemi, Vahid and Sullivan, Josephine},
  title = {One Millisecond Face Alignment with an Ensemble of Regression Trees},
  booktitle = {CVPR},
  year = {2014},
  doi = {10.1109/CVPR.2014.241}
}

@inproceedings{dalal2005,
  author = {Dalal, Navneet and Triggs, Bill},
  title = {Histograms of Oriented Gradients for Human Detection},
  booktitle = {CVPR},
  year = {2005},
  doi = {10.1109/CVPR.2005.177}
}

@misc{opencv,
  title = {OpenCV Library},
  author = {Bradski, Gary and Kaehler, Adrian and the OpenCV community},
  howpublished = {\url{https://opencv.org}},
  note = {Accessed 2025-08}
}

@article{perclos,
  author = {Wierwille, Walter W. and Ellsworth, Loren A.},
  title = {Evaluation of Driver Drowsiness by Eye Movement Measures and PERCLOS},
  journal = {SAE Technical Paper},
  year = {1994},
  doi = {10.4271/946178}
}



